<?xml version="1.0" encoding="UTF-8"?><record xmlns="http://www.loc.gov/MARC21/slim" xmlns:cinclude="http://apache.org/cocoon/include/1.0" xmlns:zs="http://www.loc.gov/zing/srw/">
  <leader>00649nz  a2200169n  4500</leader>
  <controlfield tag="001">no2009025866</controlfield>
  <controlfield tag="003">DLC</controlfield>
  <controlfield tag="005">20090221082203.0</controlfield>
  <controlfield tag="008">090219n| acannaabn          |b aaa     c</controlfield>
  <datafield tag="010" ind1=" " ind2=" ">
    <subfield code="a">no2009025866</subfield>
  </datafield>
  <datafield tag="035" ind1=" " ind2=" ">
    <subfield code="a">(OCoLC)oca08020179</subfield>
  </datafield>
  <datafield tag="040" ind1=" " ind2=" ">
    <subfield code="a">WaBeW</subfield>
    <subfield code="b">eng</subfield>
    <subfield code="c">WaBeW</subfield>
  </datafield>
  <datafield tag="100" ind1="1" ind2=" ">
    <subfield code="a">Navagchamba, T︠S︡.</subfield>
  </datafield>
  <datafield tag="400" ind1="1" ind2=" ">
    <subfield code="a">Навагчамба, Ц.</subfield>
  </datafield>
  <datafield tag="667" ind1=" " ind2=" ">
    <subfield code="a">Non-Latin script reference not evaluated.</subfield>
  </datafield>
  <datafield tag="670" ind1=" " ind2=" ">
    <subfield code="a">Khėlmėgdsėn zai︠a︡a -26, 2008:</subfield>
    <subfield code="b">t.p. (Ц. Навагчамба = T︠S︡. Navagchamba)</subfield>
  </datafield>
  <datafield tag="675" ind1=" " ind2=" ">
    <subfield code="a">Nėrt Mongol khu̇mu̇u̇siĭn namtryn oĭllogo, 2000;</subfield>
    <subfield code="a">Kto estʹ kto v Mongolii, 2003;</subfield>
    <subfield code="a">Aldar gavʹi︠a︡tny ȯrgȯȯ, 2007</subfield>
  </datafield>
</record>